@book{Rotman2009,
	author = {Rotman, Joseph J.},
	title = {An Introduction to Homological Algebra},
	edition = {2},
	year = {2009},
    month = {1},
	publisher = {Springer},
	location = {New York}
}

@book{booktwoauthors,
  title={Elements of Statistical Mechanics},
  author={Friedman, Arieh and Kitsopoulos, Theodoros N.},
  edition={2},
  year={2008},
  publisher={Cambridge University Press}
}

@book{bookthreeauthors,
  title={Principles of Population Genetics},
  author={Hartl, Daniel L. and Clark, Andrew G. and Clark, Andrew G.},
  edition={4},
  year={2007},
  publisher={Sinauer Associates}
}

@article{journalarticleoneauthor,
  title={Produit tensoriel topologique et produits tensoriels projectifs d'espaces vectoriels topologiques},
  author={Grothendieck, Alexander},
  journal={Memoirs of the American Mathematical Society},
  volume={16},
  number={1},
  pages={140},
  year={1957},
  publisher={American Mathematical Society}
}

@article{journalarticletwoauthors,
  title={Analytical solution of a fuzzy differential equation under strongly generalized differentiability},
  author={Hassani, Hadi and Ivaz, Kourosh Gharib},
  journal={Information Sciences},
  volume={177},
  number={7},
  pages={1651--1659},
  year={2007},
  publisher={Elsevier}
}

@article{journalarticlethreeauthors,
  title={Decentralized prediction error identification for input--output systems},
  author={Hendrickx, Julien M and Merc√®re, Guillaume and Wertz, Vincent},
  journal={Journal of Statistical Planning and Inference},
  volume={143},
  number={4},
  pages={757--771},
  year={2013},
  publisher={Elsevier}
}

@misc{website,
  author = {Wolfram},
  title = {Mathematica},
  url = {https://www.wolfram.com/mathematica/},
  year = {2021},
  note = {[Online; accessed 23 March 2023]}
}

@incollection{conferencearticle,
  title={Derived categories of algebraic varieties},
  author={Huybrechts, Daniel},
  booktitle={Handbook of Moduli},
  pages={149--216},
  year={2016},
  publisher={International Press}
}